@article{google_flash,
    title={Flash Reliability in Production: The Expected and the Unexpected},
    author={Schroeder, Bianca and Lagisetty, Raghav and Merchant, Arif},
    year={2016}
}

@inproceedings{google_fs,
    title={The Google File System},
    url={https://static.googleusercontent.com/media/research.google.com/en//archive/gfs-sosp2003.pdf},
    publisher={ACM},
    author={Ghemawat, Sanjay and Gobioff, Howard and Leung, Shun-Tak},
    year={2003}
}

@inproceedings{facebook_flash,
    place={Portland Oregon USA},
    title={A Large-Scale Study of Flash Memory Failures in the Field},
    ISBN={978-1-4503-3486-0},
    url={https://dl.acm.org/doi/10.1145/2745844.2745848},
    DOI={10.1145/2745844.2745848},
    booktitle={Proceedings of the 2015 ACM SIGMETRICS International Conference on Measurement and Modeling of Computer Systems},
    publisher={ACM},
    author={Meza, Justin and Wu, Qiang and Kumar, Sanjev and Mutlu, Onur},
    year={2015}, month={Jun},
    pages={177â€“190}
}

@misc{backblaze,
    author={Backblaze},
    title={Backblaze Vaults: Zettabyte-Scale Cloud Storage Architecture},
    journal={Backblaze Blog | Cloud Storage \& Cloud Backup},
    howpublished={\url{https://www.backblaze.com/blog/vault-cloud-storage-architecture}},
    year={2019}, month={Jun}
}

@article{LFS,
    title={(LFS) The Design and Implementation of a Log-Structured File System},
    author={Rosenblum, Mendel and Ousterhout, John K},
    year={1991}
}

